@inproceedings{Calciati,
 author = {Calciati, Paolo and Gorla, Alessandra},
 title = {How Do Apps Evolve in Their Permission Requests?: A Preliminary Study},
 booktitle = {Proceedings of the 14th International Conference on Mining Software Repositories},
 series = {MSR '17},
 year = {2017},
 isbn = {978-1-5386-1544-7},
 location = {Buenos Aires, Argentina},
 pages = {37--41},
 numpages = {5},
 url = {https://doi.org/10.1109/MSR.2017.64},
 doi = {10.1109/MSR.2017.64},
 acmid = {3104195},
 publisher = {IEEE Press},
 address = {Piscataway, NJ, USA},
}

@inproceedings{WhoAdded,
 author = {Krutz, Daniel E. and Munaiah, Nuthan and Peruma, Anthony and Mkaouer, Mohamed Wiem},
 title = {Who Added That Permission to My App?: An Analysis of Developer Permission Changes in Open Source Android Apps},
 booktitle = {Proceedings of the 4th International Conference on Mobile Software Engineering and Systems},
 series = {MOBILESoft '17},
 year = {2017},
 isbn = {978-1-5386-2669-6},
 location = {Buenos Aires, Argentina},
 pages = {165--169},
 numpages = {5},
 url = {https://doi.org/10.1109/MOBILESoft.2017.5},
 doi = {10.1109/MOBILESoft.2017.5},
 acmid = {3104111},
 publisher = {IEEE Press},
 address = {Piscataway, NJ, USA},
} 

@inproceedings{YLyu, 
author={Y. Lyu and J. Gui and M. Wan and W. G. J. Halfond}, 
booktitle={2017 IEEE International Conference on Software Maintenance and Evolution (ICSME)}, 
title={An Empirical Study of Local Database Usage in Android Applications}, 
year={2017}, 
volume={}, 
number={}, 
pages={444-455}, 
keywords={application program interfaces;database management systems;mobile computing;security of data;smart phones;software engineering;API;Android applications;data storage;local database usage;mobile app developers;mobile applications;mobile devices;mobile users;responsive service;secure service;security problems;Best practices;Databases;Mobile communication;Mobile handsets;Reliability;Runtime;Security;database;empirical study;energy;mobile applications;performance;security}, 
doi={10.1109/ICSME.2017.75}, 
ISSN={}, 
month={Sept},}

@inproceedings{miningGit, 
author={C. Bird and P. C. Rigby and E. T. Barr and D. J. Hamilton and D. M. German and P. Devanbu}, 
booktitle={2009 6th IEEE International Working Conference on Mining Software Repositories}, 
title={The promises and perils of mining git}, 
year={2009}, 
volume={}, 
number={}, 
pages={1-10}, 
keywords={data analysis;data mining;groupware;automatically recorded contributor attribution;central repository;collaboration;data analysis;decentralization;decentralized source code management systems;mining git;Birds;Collaborative work;Data analysis;History;Kernel;Linux;Mercury (metals);Open source software;Packaging;Rails}, 
doi={10.1109/MSR.2009.5069475}, 
ISSN={2160-1852}, 
month={May},}

@misc{repodriller,
title = {RepoDriller},
howpublished = {\url{https://github.com/mauricioaniche/repodriller}},
}

@misc{androidSource,
title = {The Android Source Code},
howpublished = {\url{https://source.android.com/setup/}},
}

@misc{developer,
title = {Android Developers}
howpublished = {\url{http://developer.android.com}}
}